@article{le2015first,
  title={First New Solar Models with OPAS Opacity Tables},
  author={Le Pennec, Ma{\"e}lle and Turck-Chi{\'e}ze, Sylvaine and Salmon, S{\'e}bastien and Blancard, Christophe and Coss{\'e}, Philippe and Faussurier, G{\'e}rald and Mondet, Guillaume},
  keywords={opacity,HInversion,tesi},
  journal={The Astrophysical Journal Letters},
  volume={813},
  number={2},
  pages={L42},
  year={2015},
  publisher={IOP Publishing}
}