@incollection{aer08current,
  title={The current status of asteroseismology},
  author={Aerts, Conny and Christensen-Dalsgaard, J{\o}rgen and Cunha, M and Kurtz, Donald W},
  booktitle={Helioseismology, Asteroseismology, and MHD Connections},
   keywords={rev,astroseismology},
  pages={3--20},
  year={2008},
  publisher={Springer}
}