@article{houdek1999amplitudes,
  title={Amplitudes of stochastically excited oscillations in main-sequence stars},
  keywords={amplitudes,observables,rev},
  author={Houdek, G and Balmforth, NJ and Christensen-Dalsgaard, J and Gough, DO},
  journal={arXiv preprint astro-ph/9909107},
  year={1999}
}