@article{petigura2017four,
  title={Four sub-Saturns with dissimilar densities: windows into planetary cores and envelopes},
  author={Petigura, Erik A and Sinukoff, Evan and Lopez, Eric D and Crossfield, Ian JM and Howard, Andrew W and Brewer, John M and Fulton, Benjamin J and Isaacson, Howard T and Ciardi, David R and Howell, Steve B and others},
  journal={The Astronomical Journal},
  volume={153},
  number={4},
  pages={142},
  year={2017},
  publisher={IOP Publishing},
  keywords={},
  addendum={}
}

@article{santerne2018populations,
  title={Populations of Extrasolar Giant Planets from Transit and Radial Velocity Surveys},
  author={Santerne, Alexandre},
  journal={arXiv preprint arXiv:1805.08391},
  year={2018},
  keywords={pps},
  addendum={}
}


@article{dawson2013giant,
  title={Giant planets orbiting metal-rich stars show signatures of planet-planet interactions},
  author={Dawson, Rebekah I and Murray-Clay, Ruth A},
  journal={The Astrophysical Journal Letters},
  volume={767},
  number={2},
  pages={L24},
  year={2013},
  publisher={IOP Publishing},  keywords={},
  keywords={},
  addendum={}
}

@article{bowler2018occurrence,
  title={Occurrence Rates from Direct Imaging Surveys},
  author={Bowler, Brendan P and Nielsen, Eric L},
  journal={arXiv preprint arXiv:1802.10132},
  year={2018},
  keywords={direct imaging, surveys, observations, giant planet,rate},
  addendum={Direct imaging surveys: rate $1\%$ for $M_p=\numrange{5}{13}M_J$ at \SIrange{10}{100}{\astronomicalunit}
  }
}
