@article{benbakoura2019evolution,
  title={Evolution of star--planet systems under magnetic braking and tidal interaction},
  author={Benbakoura, M and R{\'e}ville, V and Brun, AS and Le Poncin-Lafitte, C and Mathis, S},
  journal={Astronomy \& Astrophysics},
  volume={621},
  pages={A124},
  year={2019},
  publisher={EDP Sciences},
  keywords={},
  addendum={}
}
