@article{scharlemann1982tides,
  title={Tides in differentially rotating convective envelopes. II-The tidal coupling},
  author={Scharlemann, ET},
  journal={The Astrophysical Journal},
  keywords={},
  volume={253},
  pages={298--308},
  year={1982}
}
