@book{ber03solar,
  title={Physics of the solar system: dynamics and evolution, space physics, and spacetime structure},
  author={Bertotti, Bruno and Farinella, Paolo and Vokrouhlick{\`y}, David},
  volume={293},
  year={2003},
  publisher={Springer Science \& Business Media}
}

@article{debras2019new,
  title={New models of Jupiter in the context of Juno and Galileo},
  author={Debras, Florian and Chabrier, Gilles},
  journal={The Astrophysical Journal},
  volume={872},
  number={1},
  pages={100},
  year={2019},
  publisher={IOP Publishing},
  keywords={pps,juno, galileo, jupiter, planetry model},
  addendum={Jupiter models compatible with Juno (high gravitational moments) and Galileo (outer layer composition): 4 layers model ()}
}

@article{yin2002short,
  title={A short timescale for terrestrial planet formation from Hf--W chronometry of meteorites},
  author={Yin, Qingzhu and Jacobsen, SB and Yamashita, K and Blichert-Toft, J and T{\'e}louk, Ph and Albarede, F},
  journal={Nature},
  volume={418},
  number={6901},
  pages={949--952},
  year={2002},
  publisher={Nature Publishing Group},
  keywords={},
  addendum={}
}

@article{morbidelli2016fossilized,
  title={Fossilized condensation lines in the Solar System protoplanetary disk},
  author={Morbidelli, Alessandro and Bitsch, B and Crida, A and Gounelle, M and Guillot, T and Jacobson, S and Johansen, A and Lambrechts, M and Lega, E},
  journal={Icarus},
  volume={267},
  pages={368--376},
  year={2016},
  publisher={Elsevier},
  keywords={},
  addendum={}
  }

@article{bollard2017early,
  title={Early formation of planetary building blocks inferred from Pb isotopic ages of chondrules},
  author={Bollard, Jean and Connelly, James N and Whitehouse, Martin J and Pringle, Emily A and Bonal, Lydie and J{\o}rgensen, Jes K and Nordlund, {\AA}ke and Moynier, Fr{\'e}d{\'e}ric and Bizzarro, Martin},
  journal={Science advances},
  volume={3},
  number={8},
  pages={e1700407},
  year={2017},
  publisher={American Association for the Advancement of Science},
  keywords={pps},
  addendum={}
}

@article{helled2014measuring,
  title={Measuring Jupiter's water abundance by Juno: the link between interior and formation models},
  author={Helled, Ravit and Lunine, Jonathan},
  journal={Monthly Notices of the Royal Astronomical Society},
  volume={441},
  number={3},
  pages={2273--2279},
  year={2014},
  publisher={Oxford University Press},
  keywords={pps},
  addendum={Small planetesimal and/or planetesimal with low material strenght and/or low density are easier to capture: formation timescale and composition; also dynamical properties of planetesimal affect capture efficiency - accurate determination of total heavy elements on J with $(O/H)_J$: planetesimal composition - information of water abundance of accreted planetesimal could be used to infer water enrichment of J; uncertainties on fate/distribution of heavy elements; deposition of heavy elements in atmosphere depends on planetesimal size and composition: water is predicted to stay in atmposphere (Iaroslavitz podolack 07) while refractories settle toward center. Jupiter models use mass gravitational coefficient $J_{2n}$, equatorial/mean radius, \SI{1}{\bar} temperature, uncertainties due to H/He EOS, interaction, composition of heavy elements, parameters and assumption (layers, heavy distribution, depth of differential rotation, energy transport mechanism)},
  note={Nature of ice in planetesimal can leads to different water enrichment: lunine 04, owen 99. Hubickyj bodenheimer: once core reaches $2\mearth$ accreted planetesimal remains in atmosphere. Galileo probe atreya 03. Nettelmann 12: jupiter envelop metallicity. Wilson Militzer: helium rain and Ne depletion. Jupiter oscillation pattern: Gaulme 11. Non adiabatic and inhomogeneous jupiter interior: leconte chabrier 12,13. Heavy elements range mass: Fortney Nettelmann 10, Baraffe 14, Saumon Guillot 04, Nettelmann 12}
}

@article{serra2016gravimetry,
  title={Gravimetry, rotation and angular momentum of Jupiter from the Juno Radio Science experiment},
  author={Serra, Daniele and Dimare, Linda and Tommei, Giacomo and Milani, A},
  journal={Planetary and Space Science},
  volume={134},
  pages={100--111},
  year={2016},
  publisher={Elsevier},
  keywords={Juno, Jupiter, gravimetry, gravitational moments},
  addendum={},
  note={}
}

@article{lozovsky2017jupiter,
  title={Jupiterâ€™s formation and its primordial internal structure},
  author={Lozovsky, Michael and Helled, Ravit and Rosenberg, Eric D and Bodenheimer, Peter},
  journal={The Astrophysical Journal},
  volume={836},
  number={2},
  pages={227},
  year={2017},
  publisher={IOP Publishing},
  keywords={pps},
  addendum={},
  note={lunine 2014}
}